@online{peterbeshai,
    author = {Beshai, Peter},
    title  = {Buckets: NBA Shot Visualization},
    date   = {2016-04},
    url    = {http://peterbeshai.com/buckets/app/}
}

@online{basketball-reference,
    author = {Basketball Refernce},
    url = {http://www.basketball-reference.com/},
    title = {Basketball Reference},
    date = {2016-04}
}

@online{nbawiki,
    author = {Wikipedia Community},
    url = {https://en.wikipedia.org/wiki/National_Basketball_Association},
    title = {Wikipedia - National Basketball Association},
    date = {2016-04}
}

@online{srs,
    author = {Drinen, Doug},
    url = {http://www.pro-football-reference.com/blog/?p=37},
    title = {A very simple ranking system},
    date = {2006-05-08}
}

@online{playoffs,
    author = {Wikipedia Community},
    url = {https://en.wikipedia.org/wiki/NBA_playoffs},
    title = {Wikipedia - NBA playoffs},
    date = {2016-05}
}




@online{d3,
    author = {Bostock, Mike},
    title = {D3 - Data Driven Documents},
    url = {https://d3js.org/},
    date = {2016-04}
}

@online{html5,
    author = {Wikipedia Community},
    title = {Wikipedia - HTML5},
    url = {https://en.wikipedia.org/wiki/HTML5/},
    date = {2016-04}
}

@online{jquery,
    author = {JQuery},
    title = {JQuery},
    url = {https://jquery.com/},
    date = {2016-04}
}

@online{per,
    author = {Wikipedia Community},
    title = {Wikipedia - Player Efficiency Rating},
    url = {https://en.wikipedia.org/wiki/Player_efficiency_rating/},
    date = {2016-04}
}

@article{perceptualranking,
  title={Automating the design of graphical presentations of relational information},
  author={Mackinlay, Jock},
  journal={Acm Transactions On Graphics (Tog)},
  volume={5},
  number={2},
  pages={110--141},
  year={1986},
  publisher={ACM}
}

@online{sunburst,
    author = {Diaz, Jesus},
    title = {All the Major Sport Competitions Since 1903 Condensed In Beautiful Circular Graphics},
    url = {http://gizmodo.com/5927503/all-the-major-sport-competitions-since-1903-condensed-in-beautiful-circular-graphics},
    date = {2016-05}
}

@online{tournamentladder,
    author = {@playoffsbracket},
    title = {NBA Playoffs Bracket},
    url = {http://www.nbaplayoffsbracket.com/2016/index.php},
    date = {2016-05}
}

@online{enclosedcircles,
    author = {Cook, Peter},
    title = {Wimbledon 2013 Player bubbles},
    url = {http://wimbledon.prcweb.co.uk/playerbubbles.html},
    date = {2016-05}
}

@online{mapviewvisualization,
    author = {Chiu, Lemon},
    title = {NBA-Visualization},
    url = {http://lemonchiu.github.io/NBA-Visualization/},
    date = {2016-05}
}

@online{vorped,
    author = {Vorped},
    title = {NBA-Visualization},
    url = {http://vorped.com/1-nba/2015-2016/},
    date = {2016-05}
}

@online{ieeevis,
    author = {IEEE},
    title = {What's the score? The 1st Workshop on Sports Data Visualization},
    url = {http://workshop.sportvis.com/},
    date = {2016-05}
}

@inproceedings{cox2006sportsvis,
  title={Sportsvis: Discovering meaning in sports statistics through information visualization},
  author={Cox, Andy and Stasko, John},
  booktitle={Compendium of Symposium on Information Visualization},
  pages={114--115},
  year={2006},
  organization={Citeseer}
}

@inproceedings{fantasy,
 author = {Dzodom, Gabriel S. and Shipman, Frank M.},
 title = {Data-driven Web Entertainment: The Data Collection and Analysis Practices of Fantasy Sports Players},
 booktitle = {Proceedings of the 2014 ACM Conference on Web Science},
 series = {WebSci '14},
 year = {2014},
 isbn = {978-1-4503-2622-3},
 location = {Bloomington, Indiana, USA},
 pages = {293--294},
 numpages = {2},
 url = {http://doi.acm.org/10.1145/2615569.2615649},
 doi = {10.1145/2615569.2615649},
 acmid = {2615649},
 publisher = {ACM},
 address = {New York, NY, USA},
 keywords = {fantasy sports, gaming practices},
} 

@online{fantasyskill,
    author = {Miller, Ed and Singer, Daniel}, 
    url = {http://www.mckinsey.com/industries/media-and-entertainment/our-insights/for-daily-fantasy-sports-operators-the-curse-of-too-much-skill},
    title = {For daily fantasy-sports operators, the curse of too much skill},
    date = {2015-09}
}

@inproceedings{multipleviews,
 author = {Wang Baldonado, Michelle Q. and Woodruff, Allison and Kuchinsky, Allan},
 title = {Guidelines for Using Multiple Views in Information Visualization},
 booktitle = {Proceedings of the Working Conference on Advanced Visual Interfaces},
 series = {AVI '00},
 year = {2000},
 isbn = {1-58113-252-2},
 location = {Palermo, Italy},
 pages = {110--119},
 numpages = {10},
 url = {http://doi.acm.org/10.1145/345513.345271},
 doi = {10.1145/345513.345271},
 acmid = {345271},
 publisher = {ACM},
 address = {New York, NY, USA},
 keywords = {design guidelines, information visualization, multiple views, usability heuristics, user interfaces},
} 

@inproceedings{mantra,
 author = {Shneiderman, Ben},
 title = {The Eyes Have It: A Task by Data Type Taxonomy for Information Visualizations},
 booktitle = {Proceedings of the 1996 IEEE Symposium on Visual Languages},
 series = {VL '96},
 year = {1996},
 isbn = {0-8186-7508-X},
 pages = {336--},
 url = {http://dl.acm.org/citation.cfm?id=832277.834354},
 acmid = {834354},
 publisher = {IEEE Computer Society},
 address = {Washington, DC, USA},
 keywords = {visualization, information visualization, graphical user interfaces},
} 

@article{automatingdesign,
 author = {Mackinlay, Jock},
 title = {Automating the Design of Graphical Presentations of Relational Information},
 journal = {ACM Trans. Graph.},
 issue_date = {April 1986},
 volume = {5},
 number = {2},
 month = apr,
 year = {1986},
 issn = {0730-0301},
 pages = {110--141},
 numpages = {32},
 url = {http://doi.acm.org/10.1145/22949.22950},
 doi = {10.1145/22949.22950},
 acmid = {22950},
 publisher = {ACM},
 address = {New York, NY, USA},
} 

@article{aesthetics,
 author = {Vande Moere, Andrew and Purchase, Helen},
 title = {On the Role of Design in Information Visualization},
 journal = {Information Visualization},
 issue_date = {October 2011},
 volume = {10},
 number = {4},
 month = oct,
 year = {2011},
 issn = {1473-8716},
 pages = {356--371},
 numpages = {16},
 url = {http://dx.doi.org/10.1177/1473871611415996},
 doi = {10.1177/1473871611415996},
 acmid = {2336228},
 publisher = {Palgrave Macmillan},
 keywords = {aesthetics, case studies, design, design studies, visualization},
} 

@online{whitehousepath,
    author = {Bostock, Mike and Carter, Shan},
    date = {2012-11-02},
    url = {http://www.nytimes.com/interactive/2012/11/02/us/politics/paths-to-the-white-house.html},
    title = {512 Paths to the White House}
}
